@article{aaronson2016industry,
  title={Industry Dynamics and the Minimum Wage: A Putty-Clay Approach},
  author={Aaronson, Daniel and French, Eric and Sorkin, Isaac},
  year={2016},
  series={CEPR Discussion Paper No. DP11097},
  publisher={Center for Economic and Policy Research}
}

@article {addison2012effect,
  author = {Addison, John~T. and Blackburn, McKinley~L. and Cotti, Chad~D.},
  title = {The Effect of Minimum Wages on Labour Market Outcomes: County-Level 			Estimates from the Restaurant-and-Bar Sector},
  journal = {British Journal of Industrial Relations},
  volume = {50},
  number = {3},
  publisher = {Blackwell Publishing Ltd},
  pages = {412--435},
  year = {2012}
}


@article{allegretto2011minimum,
  author = {Allegretto, Sylvia~A. and Dube Arindrajit and Reich Michael},
  year = {2011},
  title = {Do Minimum Wages Really Reduce Teen Employment? Accounting for 				Heterogeneity and Selectivity in State Panel Data},
  journal = {Industrial Relations: A Journal of Economy and Society},
  publisher = {Wiley Online Library},
  volume = {50},
  month = {4},
  pages = {205--240},
  number = {2}
}

@article{autor2016contribution,
  title={The Contribution of the Minimum Wage to US Wage Inequality over Three 			Decades: A Reassessment},
  author={Autor, David~H. and Manning, Alan and Smith, Christopher~L.},
  journal={American Economic Journal: Applied Economics},
  volume={8},
  number={1},
  pages={58--99},
  year={2016},
  publisher={American Economic Association}
}

@article{bosch2010minimum,
 author = {Bosch, Mariano and Manacorda, Marco},
 journal = {American Economic Journal: Applied Economics},
 pages = {128--149},
 publisher = {American Economic Association},
 title = {Minimum Wages and Earnings Inequality in Urban Mexico},
 volume = {2},
 number = {4},
 year = {2010}
}


@article{card1994minimum,
  author={Card, David and Krueger, Alan~B.},
  year={1994},
  month={09},
  title={Minimum Wages and Employment: A Case Study of the Fast-Food Industry in 		New Jersey and Pennsylvania},
  journal={The American Economic Review},
  volume={84},
  number={4},
  pages={772--786},
}

@article{draca2011minimum,
 author = {Draca, Mirko and Machin, Stephen and Van~Reenen, Stephen},
 journal = {American Economic Journal: Applied Economics},
 number = {1},
 pages = {129--151},
 publisher = {American Economic Association},
 title = {Minimum Wages and Firm Profitability},
 volume = {3},
 year = {2011}
}

@article{dube2010minimum,
  title={Minimum Wage Effects across State Borders: Estimates using Contiguous              	Counties},
  author={Dube, Arindrajit and Lester, William~T. and Reich, Michael},
  journal={The Review of Economics and Statistics},
  volume={92},
  number={4},
  pages={945--964},
  year={2010},
  publisher={MIT Press}
}

@article{lee2012optimal,
  title={Optimal Minimum Wage Policy in Competitive Labor Markets},
  journal={Journal of Public Economics},
  volume={96},
  pages={739--749},
  year={2012},
  author={Lee, David and Saez, Emmanuel},
}

@report{obenauer1915effect,
author = {Obenauer, Marie~L. and Von~Der~Dienburg, Bertha},
title = {Effect of Minimum-Wage Determination in Oregon},
type = {Bulletin of the United States Bureau of Labor Statistics},
institution = {U.S. Governemnt Publishing Office},
year = {1915},
number = {176},
}


@article{neumark2012effects,
  title={The Effects of Living Wage Laws on Low-Wage Workers and Low-Income 			Families: What Do We Know Now?},
  author={Neumark, David and Thompson, Matthew and Koyle, Leslie},
  journal={IZA Journal of Labor Policy},
  volume={1},
  number={11},
  year={2012},
  publisher={Springer Berlin Heidelberg}
}

@article{neumark2014revisiting,
  title={Revisiting the Minimum Wage-Employment Debate: Throwing Out the Baby with          	the Bathwater?},
  author={Neumark, David and Salas, J.M.~Ian and Wascher, William},
  journal={Industrial \& Labor Relations Review},
  volume={67},
  number={3 suppl.},
  pages={608--648},
  year={2014},
  publisher={SAGE Publications}
}

@article{sorkin2015are,
  title ={Are There Long-Run Effects of the Minimum Wage?},
  journal={Review of Economic Dynamics},
  volume={18},
  number={2},
  pages={306--333},
  year={2015},
  author={Sorkin, Isaac},
}



