@article{barlevy2002sullying,
author = {Barlevy, Gadi}, 
title = {The Sullying Effect of Recessions},
volume = {69}, 
number = {1}, 
pages = {65-96}, 
year = {2002}, 
journal = {The Review of Economic Studies} 
}

@article{blanchard1990cylical, 
 author = {Blanchard, Olivier~Jean and Diamond, Peter and Hall, Peter~E. and 			Murphy, Kevin},
 journal = {Brookings Papers on Economic Activity},
 number = {2},
 pages = {85-155},
 publisher = {Brookings Institution Press},
 title = {The Cyclical Behavior of the Gross Flows of U.S. Workers},
 volume = {1990},
 year = {1990}
}

@article{bloom2009impact,
 author = {Bloom, Nicholas},
 title = {The Impact of Uncertainty Shocks},
 journal = {Econometrica},
 volume = {77},
 number = {3},
 publisher = {Blackwell Publishing Ltd},
 year = {2009},
 pages={623-685}
}


@article{caballero1994cleansing,
 author={Caballero, Ricardo~J. and Hammour, Mohamad~L.},
 year={1994},
 title={The Cleansing Effect of Recessions},
 journal={The American Economic Review},
 volume={84},
 number={5},
 pages={1350},
}

@article{caballero2005cost,
 author = {Caballero, Ricardo~J. and Hammour, Mohamad~L.}, 
 title = {The Cost of Recessions Revisited: A Reverse-Liquidationist View},
 volume = {72}, 
 number = {2}, 
 pages = {313-341}, 
 year = {2005}, 
 journal = {The Review of Economic Studies} 
}

@unpublished{chari2007gertler,
 author = {Chari, Varadarajan~V. and Christiano, Lawrence and Kehoe, Patrick},
 title = {The Gertler-Gilchrist Evidence on Small and Large Firm Sales},
 year = {2007},
}


@article{davis2012labor,
 author = {Davis, Steven~J. and Faberman, Jason~R. and Haltiwanger, John},
 title = {Labor Market Flows in the Cross Section and Over Time},
 journal = {Journal of Monetary Economics},
 volume = {59},
 number = {1},
 pages = {1-18},
 year = {2012},
}

@article{davis2012recruiting,
 ISSN = {00028282},
 author = {Davis, Steven~J. and Faberman, Jason~R. and Haltiwanger, John~C.},
 journal = {The American Economic Review},
 number = {3},
 pages = {584-588},
 publisher = {American Economic Association},
 title = {Recruiting Intensity During and After the Great Recession: National and 		Industry Evidence},
 volume = {102},
 year = {2012}
}

@article{fort2013how,
 author={Fort, C. Teresa and Haltiwanger, John and Jarmin, Ron~S. and Miranda, 			Javier},
title={How Firms Respond to Business Cycles: The Role of Firm Age and Firm Size},
journal={IMF Economic Review},
year={2013},
volume={61},
number={3},
pages={520-559},
}



@article{foster2008reallocation,
 ISSN = {00028282},
 author = {Foster, Lucia and Haltiwanger, John and Syverson, Chad},
 journal = {The American Economic Review},
 number = {1},
 pages = {394-425},
 publisher = {American Economic Association},
 title = {Reallocation, Firm Turnover, and Efficiency: Selection on Productivity 		or Profitability?},
 volume = {98},
 year = {2008}
}

@article{foster2016reallocation,
  title={Reallocation in the Great Recession: Cleansing or Not?},
  author={Foster, Lucia and Grim, Cheryl and Haltiwanger, John},
  journal={Journal of Labor Economics},
  volume={34},
  number={1 pt. 2},
  pages={S293-S331},
  year={2016}
}

@article{gertler1994monetary,
author = {Gertler, Mark and Gilchrist, Simon}, 
title = {Monetary Policy, Business Cycles, and the Behavior of Small Manufacturing Firms},
volume = {109}, 
number = {2}, 
pages = {309-340}, 
year = {1994}, 
journal = {The Quarterly Journal of Economics} 
}

@article{ghironi2005international,
 author = {Ghironi, Fabio and Melitz, Marc~J.},
 journal = {The Quarterly Journal of Economics},
 number = {3},
 pages = {865-915},
 publisher = {Oxford University Press},
 title = {International Trade and Macroeconomic Dynamics with Heterogeneous 			Firms},
 volume = {120},
 year = {2005}
}



@article{hall2005employment,
 author = {Hall, Robert E.},
 journal = {The American Economic Review},
 number = {1},
 pages = {50-65},
 publisher = {American Economic Association},
 title = {Employment Fluctuations with Equilibrium Wage Stickiness},
 volume = {95},
 year = {2005}
}

@unpublished{kehrig2011cyclicality,
  title={The Cyclicality of Productivity Dispersion},
  author={Kehrig, Matthias},
  year={2011}
}

@article{olley1996dynamics,
 author={Olley, G.~S. and Pakes, Ariel},
 year={1996},
 title={The Dynamics of Productivity in the Telecommunications Equipment   				Industry},
 journal={Econometrica},
 volume={64},
 number={6},
 pages={1263-1297},
}

@article{ouyang2009scarring,
 title = {The Scarring Effect of Recessions},
 journal = {Journal of Monetary Economics},
 volume = {56},
 number = {2},
 pages = {184-199}, 
 year = {2009},
 author = {Ouyang, Min}
}



@book{schumpeter1939business,
 title={Business Cycles: a Theoretical Historical and Statistical Analysis of the 		Capitalist Process},
 author={Schumpeter, Joseph Alois},
 volume={1},
 year={1939},
 publisher={Cambridge University Press}
}

@article{tian2015riskiness,
 title = {Riskiness, Endogenous Productivity Dispersion and Business Cylces},
 author = {Tian, Can},
 volume = {57},
 pages = {227-249},
 year = {2015},
 journal = {Journal of Economic Dynamics \& Control}
}